@manual{COEX,
	Author = {Ferreira},
	Date-Added = {2015-04-28 03:49:26 +0000},
	Date-Modified = {2015-04-30 03:12:52 +0000},
	Organization = {Assessor Especial},
	Title = {INFORMA{\c C}{\~A}O T{\'E}CNICA NÂº 01/2015 - COEX, ASSUNTO: Parques e {\'A}reas Protegidas},
	Year = {2015}}
	
@misc{Ibram,
	Author = {Ibram},
	Date-Added = {2015-04-30 03:23:43 +0000},
	Date-Modified = {2015-04-30 03:24:39 +0000},
	Title = {Parque Vivencial do Gama j{\'a} {\'e} uma realidade para popula{\c c}{\~a}o local},
	Url = {http://www.ibram.df.gov.br/noticias/item/2291-parque-vivencial-do-gama-j%C3%A1-%C3%A9-uma-realidade-para-popula%C3%A7%C3%A3o-local.html},
	Year = {2013},
	Bdsk-Url-1 = {http://www.ibram.df.gov.br/noticias/item/2291-parque-vivencial-do-gama-j%C3%A1-%C3%A9-uma-realidade-para-popula%C3%A7%C3%A3o-local.html}}